@ARTICLE{1,
	AUTHOR = "Sakir Sezer and Sandra Scott-Hayward and Pushpinder Kaur Chouhan and Barbara Fraser and David Lake and Jim Finnegan and Niel Viljoen and Marc Miller and Navneet Rao",
	TITLE = "Are We Ready for SDN? Implementation Challenges for Software-Defined Networks",
	JOURNAL = "IEEE Communications Magazine",
	MONTH = "July",
	YEAR = {2013}}
@ARTICLE{2,
	AUTHOR = "Myung-Ki Shin and Ki-Hyuk Nam and Miyoung Kang and Jin-Young Choi",
	TITLE = "Formal Specification and Programming for SDN",
	JOURNAL = "Proposed SDN RG Meeting at IETF 84 (Vancouver, BC, Canada)",
	MONTH = "August",
	YEAR = {2012}}
@ARTICLE{3,
	AUTHOR = "Nate Fostery and Rob Harrison and Matthew L. Meola and Michael J. Freedman and Jennifer Rexford and David Walker",
	TITLE = "Frenetic: A High-Level Language for OpenFlow Networks",
	JOURNAL = "ACM 978-1-4503-0467-2/10/11",
	MONTH = "November",
	YEAR = {2010}}
@ARTICLE{4,
	AUTHOR = "Nate Fostery and Rob Harrison and Michael J. Freedman and Christopher Monsanto and Jennifer Rexford and Alec Story and David Walker",
	TITLE = "Frenetic: A Network Programming Language",
	JOURNAL = "ACM 978-1-4503-0865-6/11/09",
	MONTH = "September",
	YEAR = {2011}}
@ARTICLE{5,
	AUTHOR = "Hyojoon Kim and Nick Feamster",
	TITLE = "Improving Network Management with Software Defined Networking",
	JOURNAL = "IEEE Communications Magazine",
	MONTH = "February",
	YEAR = {2013}}
@ARTICLE{6,
	AUTHOR = "Nate Foster and Arjun Guha and Mark Reitblatt and Alec Story and Michael J. Freedman and Naga Praveen Katta and Christopher Monsanto and Joshua Reich and Jennifer Rexford and Cole Schlesinger and David Walker and Major Robert Harrison",
	TITLE = "Languages for Software-Defined Networks",
	JOURNAL = "IEEE Communications Magazine",
	MONTH = "February",
	YEAR = {2013}}
@ARTICLE{7,
	AUTHOR = "Andreas Voellmy and Junchang Wang and Y. Richard Yang and Bryan Ford and Paul Hudak",
	TITLE = "Maple: Simplifying SDN Programming Using Algorithmic Policies",
	JOURNAL = "ACM 978-1-4503-2056-6/13/08",
	MONTH = "August",
	YEAR = {2013}}
@ARTICLE{8,
	AUTHOR = "Natasha Gude and Teemu Koponen and Justin Pettit and Ben Pfaff and Martín Casado and Nick McKeown and Scott Shenker",
	TITLE = "NOX: Towards an Operating System for Networks",
	JOURNAL = "ACM SIGCOMM Computer Communication Review",
	VOLUME = "38",
	NUMBER = "3",
	MONTH = "July",
	YEAR = {2008}}
@ARTICLE{9,
	AUTHOR = "Nick McKeown and Tom Anderson and Hari Balakrishnan and Guru Parulkar and Guru Parulkar and Jennifer Rexford and Jennifer Rexford and Jonathan Turner",
	TITLE = "OpenFlow: Enabling Innovation in Campus Networks",
	JOURNAL = "ACM SIGCOMM Computer Communication Review",
	VOLUME = "38",
	NUMBER = "2",
	MONTH = "April",
	YEAR = {2008}}
@ARTICLE{10,
	AUTHOR = "Andreas Richard Voellmy (Dissertation Directors: Paul Hudak and Y. Richard Yang)",
	TITLE = "Programmable and Scalable Software-Defined Networking Controllers",
	JOURNAL = "A Dissertation Presented to the Faculty of the Graduate School of Yale University in Candidacy for the Degree of Doctor of Philosophy",
	MONTH = "May",
	YEAR = {2014}}
@ARTICLE{11,
	AUTHOR = "Josias Montag (Betreuer: Daniel Raumer und Florian Wohlfart)",
	TITLE = "Software Defined Networking mit OpenFlow",
	JOURNAL = "Hauptseminar: Innovative Internettechnologien und Mobilkommunikation, WS 2012/2013, Lehrstuhl Netzarchitekturen und Netzdienste - Fakultät für Informatik, Technische Universität München",
	MONTH = "February",
	YEAR = {2013}}
@ARTICLE{12,
	AUTHOR = "Paul Hudak and John Hughes and Simon Peyton Jones and Philip Wadler",
	TITLE = "A History of Haskell: Being Lazy With Class",
	JOURNAL = "Third ACM SIGPLAN History of Programming Languages Conference (HOPL-III), San Diego, CA",
	MONTH = "April",
	YEAR = {2007}}
@ARTICLE{13,
	AUTHOR = "Conal Elliott",
	TITLE = "Push-Pull Functional Reactive Programming",
	JOURNAL = "ACM 978-1-60558-508-6/09/09",
	MONTH = "September",
	YEAR = {2009}}
@ARTICLE{u1,
	AUTHOR = "Katrin Ebert",
	TITLE = "Funktionale Reaktive Programmierung",
	JOURNAL = "http://www.tu-cottbus.de/fakultaet1/de/programmiersprachen-compilerbau/lehrstuhl/mitarbeiter/ehemalige-mitarbeiter/wolfgang-jeltsch/funktionale-reaktive-programmierung.html (aufgerufen am 09.02.2016)",
	MONTH = "December",
	YEAR = {2011}}